<?xml version="1.0" encoding="UTF-8"?><collection xmlns="http://www.loc.gov/MARC21/slim"><record><leader>00592nam--2200205-i-4500</leader><controlfield tag="001">000021041</controlfield><controlfield tag="002">20161230</controlfield><controlfield tag="005">20161230201034</controlfield><controlfield tag="008">060222s1000------------r-----000-0-rum-d</controlfield><datafield ind1=" " ind2=" " tag="020"><subfield code="a">9739874207</subfield></datafield><datafield ind1=" " ind2=" " tag="040"><subfield code="a">IFIN-HH</subfield></datafield><datafield ind1=" " ind2=" " tag="041"><subfield code="a">rum</subfield></datafield><datafield ind1=" " ind2=" " tag="080"><subfield code="a">543.42</subfield></datafield><datafield ind1="1" ind2=" " tag="100"><subfield code="a">Cordos, Emil /S.A.</subfield></datafield><datafield ind1="1" ind2="0" tag="245"><subfield code="a">Analiza prin spectrometrie atomica</subfield><subfield code="c">Emil cordos; tiberiu frentiu; michaela ponta; ana-maria rusu; alpar fodor</subfield></datafield><datafield ind1=" " ind2=" " tag="260"><subfield code="a">Bucuresti</subfield><subfield code="b">Institutul De Optoelectronica</subfield><subfield code="c">1998</subfield></datafield><datafield ind1=" " ind2=" " tag="300"><subfield code="a">XII + 287 P</subfield></datafield><datafield ind1="1" ind2=" " tag="700"><subfield code="a">Fodor, Alpar</subfield></datafield><datafield ind1=" " ind2=" " tag="852"><subfield code="a">81020</subfield><subfield code="c">543.51</subfield></datafield><datafield ind1=" " ind2=" " tag="CAT"><subfield code="a">Sys</subfield><subfield code="c">20110406</subfield><subfield code="h">130748</subfield></datafield></record></collection>